@string{SP="IEEE Security and Privacy Magazine"}
@string{CODASPY="ACM Conference on Data and Application Security and Privacy"}
@string{ATC="Usenix Annual Technical Conference"}
@string{CSUR="ACM Computing Surveys"}
@string{RTSS="Real-Time Systems Symposium"}
@string{arXiv="arXiv Technical Report"}
@string{LangSec="Language-theoretic Security IEEE Security and Privacy Workshop"}
@string{CCS="ACM Conference on Computer and Communication Security"}
@string{IOTSP="Workshop on the Internet of Things Security and Privacy"}
@string{NDSS="Network and Distributed System Security Symposium"}
@string{ISPASS="International Symposium on Performance Analysis of Systems and Software"}
@string{CCC="Chaos Communication Congress"}
@string{NSPW="New Security Paradigms Workshop"}
@string{BHEU="BlackHat Europe"}
@string{TR="Technical Report"}
@string{PLDI="ACM International Conference on Programming Language Design and Implementation"}
@string{EuroSP="IEEE European Symposium on Security and Privacy"}
@string{SS3P="Open Textbook"}
@string{DIMVA="Conference on Detection of Intrusions and Malware and Vulnerability Assessment"}
@string{ISMM="ACM SIGPLAN International Symposium on Memory Management"}
@string{ESSoS="Int'l. Symp. on Eng. Secure Software and Systems"}
@string{SEC="Usenix Security Symposium"}
@string{IMC="ACM Internet Measurement Conference"}
@string{TSE="IEEE Transactions on Software Engineering"}
@string{CC="International Conference on Compiler Construction"}
@string{STM="International Workshop on Security and Trust Management"}
@string{ArmsRace="The Continuing Arms Race"}
@string{TRB="Transportation Research Board"}
@string{FEAST="Forming an Ecosystem Around Software Transformation"}
@string{DSN="IEEE/IFIP International Conference on Dependable Systems and Networks"}
@string{SyScan360="Symposium on Security for Asia Network + 360"}
@string{BalCCon="Balkan Computer Congress"}
@string{DSAL="AOSD workshop on Domain-Specific Aspect Languages"}
@string{ESORICS="European Symposium on Research in Computer Security"}
@string{WOOT="Usenix Workshop on Offensive Technologies"}
@string{TIFS="IEEE Transactions on Information Forensics and Security"}
@string{HotSWUp="Usenix Workshop on Hot Topics in Software Upgrades"}
@string{AsiaCCS="ACM Symp. on InformAtion, Computer and Communications Security"}
@string{AMAS-BT="Workshop on Architectural and Microarchitectural Support for Binary Translation"}
@string{PPREW="Program Protection and Reverse Engineering Workshop"}
@string{SYSTOR="ACM International Systems and Storage Conference"}
@string{VEE="ACM International Conference on Virtual Execution Environments"}
@string{OSDI="Usenix Symposium on Operating Systems Design and Implementation"}
@string{Oakland="IEEE International Symposium on Security and Privacy"}
@string{PST="IEEE Conference on Privacy, Security, and Trust"}

@inproceedings{dinesh20oakland,
  author = {Sushant Dinesh and Nathan Burow and Dongyan Xu and Mathias Payer},
  title = {{RetroWrite: Statically Instrumenting COTS Binaries for Fuzzing and Sanitization}},
  year = {2020},
  booktitle = Oakland,
  keywords = {conference},
}

@misc{log4j,
	author={Apache},
	note={Accessed: 08.06.2023},
	title={Log4j Vulnerability},
	howpublished={\url{https://logging.apache.org/log4j/2.x/security.html}}}

@misc{ossfuzz,
	author={Google},
	note={Accessed: 08.06.2023},
	title={OSS-Fuzz Project},
	howpublished={\url{https://github.com/google/oss-fuzz}}}

@misc{ossfuzz-trophies,
	author={Google},
	note={Accessed: 08.06.2023},
	title={OSS-Fuzz Trophies},
	howpublished={\url{https://google.github.io/oss-fuzz/\#trophies}}}

@misc{memorysafety1,
	note={Accessed: 08.06.2023},
	title={Microsoft: 70 percent of all security bugs are memory safety issues },
	howpublished={\url{https://www.zdnet.com/article/microsoft-70-percent-of-all-security-bugs-are-memory-safety-issues/}}}

@misc{memorysafety2,
	note={Accessed: 08.06.2023},
	title={Chrome: 70\% of all security bugs are memory safety issues },
	howpublished={\url{https://www.zdnet.com/article/chrome-70-of-all-security-bugs-are-memory-safety-issues/}}}

@misc{libfuzzer,
	author={Google},
	note={Accessed: 08.06.2023},
	title={LibFuzzer},
	howpublished={\url{https://www.llvm.org/docs/LibFuzzer.html}}}

@misc{profdata,
	author={LLVM},
	note={Accessed: 08.06.2023},
	title={llvm-profdata - Profile data tool},
	howpublished={\url{https://www.llvm.org/docs/CommandGuide/llvm-profdata.html}}}

@misc{cov,
	author={LLVM},
	note={Accessed: 08.06.2023},
	title={llvm-cov - emit coverage information},
	howpublished={\url{https://www.llvm.org/docs/CommandGuide/llvm-cov.html}}}

@misc{rubick,
	author={Cen Zhang and Yuekang Li and Hao Zhou and Xiaohan Zhang and Yaowen Zheng and Xian Zhan and Xiaofei Xieand Xiapu Luo and Xinghua Li and Yang Liu and Sheikh Mahbub Habib},
	note={Accessed: 08.06.2023},
	title={Automata-Guided Control-Flow-Sensitive Fuzz Driver Generation},
	howpublished={\url{https://www.usenix.org/conference/usenixsecurity23/presentation/zhangcen}}}

@inproceedings {fuzzgen,
    author = {Kyriakos Ispoglou and Daniel Austin and Vishwath Mohan and Mathias Payer},
    title = {{FuzzGen}: Automatic Fuzzer Generation},
    booktitle = {29th USENIX Security Symposium (USENIX Security 20)},
    year = {2020},
    isbn = {978-1-939133-17-5},
    pages = {2271--2287},
    url = {https://www.usenix.org/conference/usenixsecurity20/presentation/ispoglou},
    publisher = {USENIX Association},
    month = aug,
    }
    
@inproceedings{utopia,
  title        = {{UTOPIA: Automatic Fuzz Driver Generation using Unit Tests}},
  author       = {Bokdeuk Jeong and Joonun Jang and Hayoon Yi and Jiin Moon and Junsik Kim and Intae Jeon and Taesoo Kim and WooChul Shim and Yong Ho
    Hwang},
  booktitle    = {Proceedings of the 44th IEEE Symposium on Security and Privacy (Oakland)},
  month        = may,
  year         = 2023,
  address      = {San Francisco, CA},
}

@inproceedings{fudge,
    author = {Babi\'{c}, Domagoj and Bucur, Stefan and Chen, Yaohui and Ivan\v{c}i\'{c}, Franjo and King, Tim and Kusano, Markus and Lemieux, Caroline and Szekeres, L\'{a}szl\'{o} and Wang, Wei},
    title = {FUDGE: Fuzz Driver Generation at Scale},
    year = {2019},
    publisher = {Association for Computing Machinery},
    booktitle = {Proceedings of the 2019 27th ACM Joint Meeting on European Software Engineering Conference and Symposium on the Foundations of Software Engineering},
    pages = {975â€“985},
    numpages = {11},
    location = {Tallinn, Estonia},
    series = {ESEC/FSE 2019}
}

@inproceedings{casr,
  title = {{{Casr-Cluster}}: Crash Clustering for Linux Applications},
  author = {Savidov, Georgy and Fedotov, Andrey},
  booktitle = {2021 Ivannikov ISPRAS Open Conference (ISPRAS)},
  pages = {47--51},
  year = {2021},
  organization = {IEEE},
  doi = {10.1109/ISPRAS53967.2021.00012},
}